%% LaTeX2e file `main.bib'
%% generated by the `filecontents' environment
%% from source `main' on 2024/11/25.
%%
%-------------------------------------------------------------------------------
@Book{arpachiDusseau18:osbook,
  author =       {Arpaci-Dusseau, Remzi H. and Arpaci-Dusseau Andrea C.},
  title =        {Operating Systems: Three Easy Pieces},
  publisher =    {Arpaci-Dusseau Books, LLC},
  year =         2015,
  edition =      {1.00},
  note =         {\url{http://pages.cs.wisc.edu/~remzi/OSTEP/}}
}
@InProceedings{waldspurger02,
  author =       {Waldspurger, Carl A.},
  title =        {Memory resource management in {VMware ESX} server},
  booktitle =    {USENIX Symposium on Operating System Design and
                  Implementation (OSDI)},
  year =         2002,
  pages =        {181--194},
  note =         {\url{https://www.usenix.org/legacy/event/osdi02/tech/waldspurger/waldspurger.pdf}}}
@misc{ebpf,
  title =        {Linux Socket Filtering aka Berkeley Packet Filter (BPF)},
  note =         {\url{https://www.kernel.org/doc/Documentation/networking/filter.txt}}
}
@article{arpachiDusseau18:osbook,
  author =       {Arpaci-Dusseau, Remzi H. and Arpaci-Dusseau Andrea C.},
  title =        {Operating Systems: Three Easy Pieces},
  publisher =    {Arpaci-Dusseau Books, LLC},
  year =         2015,
  edition =      {1.00},
  note =         {\url{http://pages.cs.wisc.edu/~remzi/OSTEP/}}
}
@inproceedings{ccp,
    title={Restructuring endpoint congestion control},
    ISBN={9781450355674},
    url={https://dl.acm.org/doi/10.1145/3230543.3230553},
    DOI={10.1145/3230543.3230553},
    booktitle={SIGCOMM},
    author={Narayan, Akshay and Cangialosi, Frank and Raghavan, Deepti and Goyal, Prateesh and Narayana, Srinivas and Mittal, Radhika and Alizadeh, Mohammad and Balakrishnan, Hari},
    year={2018},
}
@inproceedings{ebpf_cca,
author = {Hinz, J\"{o}rn-Thorben and Addanki, Vamsi and Gy\"{o}rgyi, Csaba and Jepsen, Theo and Schmid, Stefan},
title = {TCP's Third Eye: Leveraging eBPF for Telemetry-Powered Congestion Control},
year = {2023},
isbn = {9798400702938},
publisher = {Association for Computing Machinery},
url = {https://doi.org/10.1145/3609021.3609295},
doi = {10.1145/3609021.3609295},
booktitle = {Proceedings of the 1st Workshop on EBPF and Kernel Extensions},
series = {eBPF '23}
}
